%%%%%%%%%%%%%%%%%%%%%%%%%%%%%%%%%%%%%%%%%%%%%%%%%%%%

% DELETE LATER
@article{einstein,
  author =       "Albert Einstein",
  title =        "{Zur Elektrodynamik bewegter K{\"o}rper}. ({German})
                 [{On} the electrodynamics of moving bodies]",
  journal =      "Annalen der Physik",
  volume =       "322",
  number =       "10",
  pages =        "891--921",
  year =         "1905",
  DOI =          "http://dx.doi.org/10.1002/andp.19053221004"
}

@book{latexcompanion,
    author    = "Michel Goossens and Frank Mittelbach and Alexander Samarin",
    title     = "The \LaTeX\ Companion",
    year      = "1993",
    publisher = "Addison-Wesley",
    address   = "Reading, Massachusetts"
}
 
@misc{knuthwebsite,
    author    = "Donald Knuth",
    title     = "Knuth: Computers and Typesetting",
    url       = "http://www-cs-faculty.stanford.edu/\~{}uno/abcde.html"
}

%%%%%%%%%%%%%%%%%%%%%%%%%%%%%%%%%%%%%%%%%%%%%%%%%%%%

% REAL REFERENCES

@article{hassabis2017neuroscience,
  title={Neuroscience-inspired artificial intelligence},
  author={Hassabis, Demis and Kumaran, Dharshan and Summerfield, Christopher and Botvinick, Matthew},
  journal={Neuron},
  volume={95},
  number={2},
  pages={245--258},
  year={2017},
  publisher={Elsevier}
}

@article{chaudhry2018efficient,
  title={Efficient lifelong learning with a-gem},
  author={Chaudhry, Arslan and Ranzato, Marc'Aurelio and Rohrbach, Marcus and Elhoseiny, Mohamed},
  journal={arXiv preprint arXiv:1812.00420},
  year={2018}
}

@article{kirkpatrick2017overcoming,
  title={Overcoming catastrophic forgetting in neural networks},
  author={Kirkpatrick, James and Pascanu, Razvan and Rabinowitz, Neil and Veness, Joel and Desjardins, Guillaume and Rusu, Andrei A and Milan, Kieran and Quan, John and Ramalho, Tiago and Grabska-Barwinska, Agnieszka and others},
  journal={Proceedings of the national academy of sciences},
  volume={114},
  number={13},
  pages={3521--3526},
  year={2017},
  publisher={National Acad Sciences}
}

@article{lesort2020continual,
  title={Continual learning for robotics: Definition, framework, learning strategies, opportunities and challenges},
  author={Lesort, Timoth{\'e}e and Lomonaco, Vincenzo and Stoian, Andrei and Maltoni, Davide and Filliat, David and D{\'\i}az-Rodr{\'\i}guez, Natalia},
  journal={Information fusion},
  volume={58},
  pages={52--68},
  year={2020},
  publisher={Elsevier}
}

@article{li2017learning,
  title={Learning without forgetting},
  author={Li, Zhizhong and Hoiem, Derek},
  journal={IEEE transactions on pattern analysis and machine intelligence},
  volume={40},
  number={12},
  pages={2935--2947},
  year={2017},
  publisher={IEEE}
}

@article{lopez2017gradient,
  title={Gradient episodic memory for continual learning},
  author={Lopez-Paz, David and Ranzato, Marc'Aurelio},
  journal={arXiv preprint arXiv:1706.08840},
  year={2017}
}

@article{mcclelland1995there,
  title={Why there are complementary learning systems in the hippocampus and neocortex: insights from the successes and failures of connectionist models of learning and memory.},
  author={McClelland, James L and McNaughton, Bruce L and O'Reilly, Randall C},
  journal={Psychological review},
  volume={102},
  number={3},
  pages={419},
  year={1995},
  publisher={American Psychological Association}
}

@article{mccloskey1989psychology,
  title={The psychology of learning and motivation},
  author={McCloskey, M and Cohen, NJ},
  year={1989},
  publisher={Academic New York}
}

@article{mermillod2013stability,
  title={The stability-plasticity dilemma: Investigating the continuum from catastrophic forgetting to age-limited learning effects},
  author={Mermillod, Martial and Bugaiska, Aur{\'e}lia and Bonin, Patrick},
  journal={Frontiers in psychology},
  volume={4},
  pages={504},
  year={2013},
  publisher={Frontiers}
}

@article{parisi2019continual,
  title={Continual lifelong learning with neural networks: A review},
  author={Parisi, German I and Kemker, Ronald and Part, Jose L and Kanan, Christopher and Wermter, Stefan},
  journal={Neural Networks},
  volume={113},
  pages={54--71},
  year={2019},
  publisher={Elsevier}
}

@article{richardson2008critical,
  title={Critical periods and catastrophic interference effects in the development of self-organizing feature maps},
  author={Richardson, Fiona M and Thomas, Michael SC},
  journal={Developmental science},
  volume={11},
  number={3},
  pages={371--389},
  year={2008},
  publisher={Wiley Online Library}
}

@article{shin2017continual,
  title={Continual learning with deep generative replay},
  author={Shin, Hanul and Lee, Jung Kwon and Kim, Jaehong and Kim, Jiwon},
  journal={arXiv preprint arXiv:1705.08690},
  year={2017}
}

@article{van2019three,
  title={Three scenarios for continual learning},
  author={Van de Ven, Gido M and Tolias, Andreas S},
  journal={arXiv preprint arXiv:1904.07734},
  year={2019}
}

@article{van2020brain,
  title={Brain-inspired replay for continual learning with artificial neural networks},
  author={van de Ven, Gido M and Siegelmann, Hava T and Tolias, Andreas S},
  journal={Nature communications},
  volume={11},
  number={1},
  pages={1--14},
  year={2020},
  publisher={Nature Publishing Group}
}

@inproceedings{zenke2017continual,
  title={Continual learning through synaptic intelligence},
  author={Zenke, Friedemann and Poole, Ben and Ganguli, Surya},
  booktitle={International Conference on Machine Learning},
  pages={3987--3995},
  year={2017},
  organization={PMLR}
}
